<record><leader>00000cas a22000007a 4500</leader><controlfield tag="001">18281136</controlfield><controlfield tag="008">880728d19711973ohuwr ne      0    0eng d</controlfield><datafield ind1=" " ind2=" " tag="010"><subfield code="a">sn 88078740 </subfield></datafield><datafield ind1=" " ind2=" " tag="040"><subfield code="a">ONP</subfield><subfield code="b">eng</subfield><subfield code="c">ONP</subfield><subfield code="d">OCLCQ</subfield></datafield><datafield ind1=" " ind2=" " tag="042"><subfield code="a">msc</subfield></datafield><datafield ind1="0" ind2=" " tag="130"><subfield code="a">Fairfield recorder (Baltimore, Ohio)</subfield></datafield><datafield ind1="1" ind2="0" tag="245"><subfield code="a">Fairfield recorder.</subfield></datafield><datafield ind1=" " ind2=" " tag="260"><subfield code="a">Baltimore, Ohio :</subfield><subfield code="b">Fairfield County Recorder, Inc.,</subfield><subfield code="c">1971-1973.</subfield></datafield><datafield ind1=" " ind2=" " tag="310"><subfield code="a">Weekly</subfield></datafield><datafield ind1="0" ind2=" " tag="362"><subfield code="a">Vol. 4, no. 21 (June 9, 1971)-v. 6, no. 46 (Nov. 15, 1973).</subfield></datafield><datafield ind1=" " ind2=" " tag="752"><subfield code="a">United States</subfield><subfield code="b">Ohio</subfield><subfield code="c">Fairfield</subfield><subfield code="d">Baltimore.</subfield></datafield><datafield ind1="0" ind2="0" tag="780"><subfield code="t">Fairfield record (Baltimore, Ohio)</subfield><subfield code="w">(DLC)sn 88078741</subfield></datafield><datafield ind1="0" ind2="0" tag="785"><subfield code="t">Fairfield County recorder</subfield><subfield code="w">(DLC)sn 88078739</subfield></datafield></record>